@book{preston2000demography,
  title={Demography: measuring and modeling population processes. 2001},
  author={Preston, Samuel and Heuveline, Patrick and Guillot, Michael},
  publisher={Malden, MA: Blackwell Publishers},
  year={2000}
}
@article{caswell2019formal,
  title={The formal demography of kinship},
  author={Caswell, Hal},
  journal={Demographic Research},
  volume={41},
  pages={679--712},
  year={2019},
  publisher={JSTOR}
}
@article{caswell2019formal,
  title={The formal demography of kinship},
  author={Caswell, Hal},
  journal={Demographic Research},
  volume={41},
  pages={679--712},
  year={2019},
  publisher={JSTOR}
}
@article{caswell2023formal,
  title={The formal demography of kinship V: Kin loss, bereavement, and causes of death},
  author={Caswell, Hal and Margolis, Rachel and Verdery, Ashton M},
  journal={SocArXiv},
  year={2023},
  doi={10.31235/osf.io/mk64p}
}
@article{caswell2021formal,
  title={The formal demography of kinship III},
  author={Caswell, Hal and Song, Xi},
  journal={Demographic Research},
  volume={45},
  pages={517--546},
  year={2021},
  publisher={JSTOR}
}
@article{caswell2022formal,
  title={The formal demography of kinship IV},
  author={Caswell, Hal},
  journal={Demographic Research},
  volume={47},
  pages={359--396},
  year={2022},
  publisher={JSTOR}
}
@book{united2022world,
  title={World population prospects 2022: Summary of results},
  author={{United Nations}},
  year={2022},
  publisher={UN}
}
@article{rizzi2015efficient,
  title={Efficient estimation of smooth distributions from coarsely grouped data},
  author={Rizzi, Silvia and Gampe, Jutta and Eilers, Paul HC},
  journal={American Journal of Epidemiology},
  volume={182},
  number={2},
  pages={138--147},
  year={2015},
  publisher={Oxford University Press}
}
@book{ihme2019gbd,
  title={GBD Results},
  author={{Institute for Health Metrics and Evaluation}},
  year={2019},
  publisher={University of Washington},
  url={https://vizhub.healthdata.org/gbd-results/}
}