@article{caswell2019formal,
  title={The formal demography of kinship},
  author={Caswell, Hal},
  journal={Demographic Research},
  volume={41},
  pages={679--712},
  year={2019},
  publisher={JSTOR}
}
@article{caswell2023formal,
  title={The formal demography of kinship V: Kin loss, bereavement, and causes of death},
  author={Caswell, Hal and Margolis, Rachel and Verdery, Ashton M},
  journal={SocArXiv},
  year={2023},
  doi={10.31235/osf.io/mk64p}
}
@article{caswell2021formal,
  title={The formal demography of kinship III},
  author={Caswell, Hal and Song, Xi},
  journal={Demographic Research},
  volume={45},
  pages={517--546},
  year={2021},
  publisher={JSTOR}
}
@article{caswell2022formal,
  title={The formal demography of kinship IV},
  author={Caswell, Hal},
  journal={Demographic Research},
  volume={47},
  pages={359--396},
  year={2022},
  publisher={JSTOR}
}
@article{alburez2021sandwich,
  title={The “sandwich generation” revisited: Global demographic drivers of care time demands},
  author={Alburez-Gutierrez, Diego and Mason, Carl and Zagheni, Emilio},
  journal={Population and Development Review},
  volume={47},
  number={4},
  pages={997--1023},
  year={2021},
  publisher={Wiley Online Library}
}
@article{alburez2021women,
  title={Women's experience of child death over the life course: A global demographic perspective},
  author={Alburez-Gutierrez, Diego and Kolk, Martin and Zagheni, Emilio},
  journal={Demography},
  volume={58},
  number={5},
  pages={1715--1735},
  year={2021},
  publisher={Duke University Press}
}
@article{hammel1976socsim,
  title={The SOCSIM demographicsociological microsimulation program: Operating manual},
  author={Hammel, Eugene and Hutchinson, D and Wachter, K and Lundy, R and Deutel, R},
  journal={University of California, Berkeley. Research Series},
  number={27},
  year={1976}
}